<record><leader>00000cas a2200000 a 4500</leader><controlfield tag="001">25490997</controlfield><controlfield tag="008">920318c19919999nyuwr ne      0    0eng c</controlfield><datafield ind1=" " ind2=" " tag="010"><subfield code="a">sn 92061738 </subfield></datafield><datafield ind1=" " ind2=" " tag="040"><subfield code="a">NYS</subfield><subfield code="b">eng</subfield><subfield code="c">NYS</subfield><subfield code="d">OCL</subfield><subfield code="d">NYS</subfield><subfield code="d">OCLCQ</subfield><subfield code="d">OCLCF</subfield><subfield code="d">OCLCO</subfield></datafield><datafield ind1="1" ind2=" " tag="029"><subfield code="a">AU@</subfield><subfield code="b">000020709663</subfield></datafield><datafield ind1=" " ind2=" " tag="042"><subfield code="a">pcc</subfield></datafield><datafield ind1=" " ind2=" " tag="043"><subfield code="a">n-us-ny</subfield></datafield><datafield ind1="0" ind2=" " tag="130"><subfield code="a">Gazette (New Berlin, N.Y.)</subfield></datafield><datafield ind1="1" ind2="0" tag="245"><subfield code="a">Gazette.</subfield></datafield><datafield ind1="1" ind2="3" tag="246"><subfield code="a">New Berlin gazette</subfield></datafield><datafield ind1=" " ind2=" " tag="260"><subfield code="a">New Berlin, N.Y. :</subfield><subfield code="b">New Berlin Gazette</subfield></datafield><datafield ind1=" " ind2=" " tag="300"><subfield code="a">v.</subfield></datafield><datafield ind1=" " ind2=" " tag="310"><subfield code="a">Weekly</subfield></datafield><datafield ind1="1" ind2=" " tag="362"><subfield code="a">Vol. 141, no. 40 (Oct. 3, 1991)-</subfield></datafield><datafield ind1=" " ind2=" " tag="500"><subfield code="a">Editors: Gayle and Jim Austin, 1991-&lt;1992&gt;.</subfield></datafield><datafield ind1=" " ind2="0" tag="651"><subfield code="a">New Berlin (N.Y.)</subfield><subfield code="v">Newspapers.</subfield></datafield><datafield ind1=" " ind2="0" tag="651"><subfield code="a">Chenango County (N.Y.)</subfield><subfield code="v">Newspapers.</subfield></datafield><datafield ind1=" " ind2="7" tag="655"><subfield code="a">Newspapers.</subfield><subfield code="2">fast</subfield><subfield code="0">(OCoLC)fst01423814</subfield></datafield><datafield ind1=" " ind2="7" tag="651"><subfield code="a">New York (State)</subfield><subfield code="z">Chenango County.</subfield><subfield code="2">fast</subfield><subfield code="0">(OCoLC)fst01219273</subfield></datafield><datafield ind1=" " ind2="7" tag="651"><subfield code="a">New York (State)</subfield><subfield code="z">New Berlin.</subfield><subfield code="2">fast</subfield><subfield code="0">(OCoLC)fst01219386</subfield></datafield><datafield ind1=" " ind2=" " tag="752"><subfield code="a">United States</subfield><subfield code="b">New York</subfield><subfield code="c">Chenango</subfield><subfield code="d">New Berlin.</subfield></datafield><datafield ind1="0" ind2="0" tag="780"><subfield code="t">New Berlin gazette (New Berlin, N.Y. : 1871)</subfield><subfield code="w">(DLC)sn 85026819</subfield><subfield code="w">(OCoLC)12631919</subfield></datafield></record>